<record><leader>00000cas a22000007a 4500</leader><controlfield tag="001">11156572</controlfield><controlfield tag="008">840915d18721874nmuwr ne      0    0eng d</controlfield><datafield ind1=" " ind2=" " tag="010"><subfield code="a">sn 84027455 </subfield></datafield><datafield ind1=" " ind2=" " tag="040"><subfield code="a">NPU</subfield><subfield code="b">eng</subfield><subfield code="c">NPU</subfield><subfield code="d">DLC</subfield><subfield code="d">CNK</subfield><subfield code="d">NVM</subfield><subfield code="d">MGN</subfield><subfield code="d">CNW</subfield><subfield code="d">DLC</subfield><subfield code="d">OCLCQ</subfield><subfield code="d">OCLCF</subfield><subfield code="d">OCLCO</subfield><subfield code="d">CUS</subfield></datafield><datafield ind1=" " ind2=" " tag="042"><subfield code="a">msc</subfield></datafield><datafield ind1=" " ind2=" " tag="043"><subfield code="a">n-us-nm</subfield></datafield><datafield ind1="1" ind2="4" tag="050"><subfield code="a">AN</subfield></datafield><datafield ind1="0" ind2="0" tag="245"><subfield code="a">Railway press &amp; telegraph.</subfield></datafield><datafield ind1="3" ind2="0" tag="246"><subfield code="a">Railway press and telegraph</subfield></datafield><datafield ind1=" " ind2=" " tag="260"><subfield code="a">Elizabeth City [Elizabethtown] N.M. :</subfield><subfield code="b">Will. D. Dawson</subfield></datafield><datafield ind1=" " ind2=" " tag="300"><subfield code="a">volumes ;</subfield><subfield code="c">32 cm.</subfield></datafield><datafield ind1=" " ind2=" " tag="310"><subfield code="a">Weekly</subfield></datafield><datafield ind1=" " ind2=" " tag="336"><subfield code="a">text</subfield><subfield code="b">txt</subfield><subfield code="2">rdacontent</subfield></datafield><datafield ind1=" " ind2=" " tag="337"><subfield code="a">unmediated</subfield><subfield code="b">n</subfield><subfield code="2">rdamedia</subfield></datafield><datafield ind1=" " ind2=" " tag="338"><subfield code="a">volume</subfield><subfield code="b">nc</subfield><subfield code="2">rdacarrier</subfield></datafield><datafield ind1="1" ind2=" " tag="362"><subfield code="a">Began in Jan. 1872; ceased in Dec. 1874. Cf. Grove, P.S.N.M. newspapers, 1975.</subfield></datafield><datafield ind1=" " ind2=" " tag="500"><subfield code="a">Independent. Cf. Rowell, 1874.</subfield></datafield><datafield ind1=" " ind2=" " tag="588"><subfield code="a">Description based on: Vol. 2, no. 28 (Jan. 20, 1872).</subfield></datafield><datafield ind1=" " ind2="0" tag="651"><subfield code="a">Elizabethtown (N.M.)</subfield><subfield code="v">Newspapers.</subfield></datafield><datafield ind1=" " ind2="7" tag="651"><subfield code="a">New Mexico</subfield><subfield code="z">Elizabethtown.</subfield><subfield code="2">fast</subfield><subfield code="0">(OCoLC)fst01305391</subfield></datafield><datafield ind1=" " ind2="7" tag="655"><subfield code="a">Newspapers.</subfield><subfield code="2">fast</subfield><subfield code="0">(OCoLC)fst01423814</subfield></datafield><datafield ind1=" " ind2=" " tag="752"><subfield code="a">United States</subfield><subfield code="b">New Mexico</subfield><subfield code="c">Colfax</subfield><subfield code="d">Elizabeth City.</subfield></datafield><datafield ind1=" " ind2=" " tag="752"><subfield code="a">United States</subfield><subfield code="b">New Mexico</subfield><subfield code="c">Colfax</subfield><subfield code="d">Elizabethtown.</subfield></datafield><datafield ind1="0" ind2="4" tag="780"><subfield code="t">National press and telegraph</subfield><subfield code="w">(DLC)sn 93052697</subfield><subfield code="w">(OCoLC)30306250</subfield></datafield><datafield ind1="0" ind2="4" tag="780"><subfield code="t">Argus (Elizabethtown, N.M.)</subfield></datafield><datafield ind1="0" ind2="7" tag="785"><subfield code="t">Cimarron news (Cimarron, N.M. : 1870)</subfield><subfield code="w">(DLC)sn 84027434</subfield><subfield code="w">(OCoLC)11153228</subfield></datafield><datafield ind1="0" ind2="7" tag="785"><subfield code="t">Cimarron news and press</subfield><subfield code="w">(DLC)sn 94050872</subfield><subfield code="w">(OCoLC)30618092</subfield></datafield><datafield ind1="1" ind2=" " tag="029"><subfield code="a">AU@</subfield><subfield code="b">000020666662</subfield></datafield></record>